<record><leader>00000cas a2200000 a 4500</leader><controlfield tag="001">12399915</controlfield><controlfield tag="008">850819d19181922ksudr ne      0    0eng d</controlfield><datafield ind1=" " ind2=" " tag="010"><subfield code="a">sn 85031804 </subfield></datafield><datafield ind1=" " ind2=" " tag="040"><subfield code="a">KSH</subfield><subfield code="b">eng</subfield><subfield code="c">KSH</subfield><subfield code="d">NPT</subfield><subfield code="d">OCL</subfield><subfield code="d">OCLCQ</subfield></datafield><datafield ind1=" " ind2=" " tag="042"><subfield code="a">msc</subfield></datafield><datafield ind1="0" ind2="4" tag="245"><subfield code="a">The Lyons news.</subfield></datafield><datafield ind1="1" ind2="7" tag="246"><subfield code="a">Lyons daily news</subfield></datafield><datafield ind1=" " ind2=" " tag="260"><subfield code="a">Lyons, Kan. :</subfield><subfield code="b">Paul A. Jones,</subfield><subfield code="c">1918-1922.</subfield></datafield><datafield ind1=" " ind2=" " tag="300"><subfield code="a">4 v. :</subfield><subfield code="b">ill. ;</subfield><subfield code="c">50-55 cm.</subfield></datafield><datafield ind1=" " ind2=" " tag="310"><subfield code="a">Daily (except Sunday)</subfield></datafield><datafield ind1="0" ind2=" " tag="362"><subfield code="a">Vol. 13, no. 38 (Apr. 8, 1918)-v. 17, no. 35 (Apr. 4, 1922).</subfield></datafield><datafield ind1=" " ind2=" " tag="752"><subfield code="a">United States</subfield><subfield code="b">Kansas</subfield><subfield code="c">Rice</subfield><subfield code="d">Lyons.</subfield></datafield><datafield ind1="0" ind2="0" tag="780"><subfield code="t">Lyons daily news (Lyons, Kan. : 1906)</subfield><subfield code="w">(DLC)sn 85031805</subfield></datafield><datafield ind1="0" ind2="5" tag="780"><subfield code="t">Rice County democrat</subfield><subfield code="g">Apr. 26, 1918</subfield><subfield code="w">(DLC)sn 85031791</subfield></datafield><datafield ind1="0" ind2="0" tag="785"><subfield code="t">Lyons daily news (Lyons, Kan. : 1922)</subfield><subfield code="w">(DLC)sn 85031806</subfield></datafield><datafield ind1="1" ind2=" " tag="029"><subfield code="a">AU@</subfield><subfield code="b">000022173274</subfield></datafield></record>